% Encoding: UTF8


@inproceedings{lenz2015followme,
	title={FollowMe: Efficient online min-cost flow tracking with bounded memory and computation},
	author={Lenz, Philip and Geiger, Andreas and Urtasun, Raquel},
	booktitle={Proceedings of the IEEE International Conference on Computer Vision},
	pages={4364--4372},
	year={2015}
}

@article{DevlinBERT,
	title={BERT: Pre-training of Deep Bidirectional Transformers for Language Understanding},
	author={Devlin, Jacob and Chang, Ming-Wei and Lee, Kenton and Toutanova, Kristina},
}

@article{Mousavian3D,
	title={3D Bounding Box Estimation Using Deep Learning and Geometry},
	author={Mousavian, Arsalan and Anguelov, Dragomir and Flynn, John and Kosecka, Jana},
	booktitle={Proceedings of the IEEE conference on computer vision and pattern recognition},
	pages={5632--5640},
	year = 2016
}

@book{FirstAVbook,
	title={第一本无人驾驶技术书},
	author={刘少山、唐洁、吴双、李力耘},
	booktitle={电子工业出版社},
	year={2017}
}

@article{li2019gs3d,
	title={GS3D: An Efficient 3D Object Detection Framework for Autonomous Driving},
	author={Li, Buyu and Ouyang, Wanli and Sheng, Lu and Zeng, Xingyu and Wang, Xiaogang},
	year={2019},
	booktitle={IEEE Conference on Computer Vision and Pattern Recognition (CVPR)}
}

@article{qi2017pointnet,
	title={Pointnet: Deep learning on point sets for 3d classification and segmentation},
	author={Qi, Charles R and Su, Hao and Mo, Kaichun and Guibas, Leonidas J},
	journal={Proc. Computer Vision and Pattern Recognition (CVPR), IEEE},
	volume={1},
	number={2},
	pages={4},
	year={2017}
}

@inproceedings{qi2017pointnet++,
	title={Pointnet++: Deep hierarchical feature learning on point sets in a metric space},
	author={Qi, Charles Ruizhongtai and Yi, Li and Su, Hao and Guibas, Leonidas J},
	booktitle={Advances in Neural Information Processing Systems},
	pages={5099--5108},
	year={2017}
}

@article{PointCNN,
	author = {Li, Yangyan and Bu, Rui and Sun, Mingchao and Chen, Baoquan},
	year = {2018},
	month = {01},
	pages = {},
	title = {PointCNN}
}

@article{JiangPointSIFT,
	title={PointSIFT: A SIFT-like Network Module for 3D Point Cloud Semantic Segmentation},
	author={Jiang, Mingyang and Wu, Yiran and Zhao, Tianqi and Zhao, Zelin and Lu, Cewu},
}

@article{RieglerOctNet,
	title={OctNet: Learning Deep 3D Representations at High Resolutions},
	author={Riegler, Gernot and Ulusoy, Ali Osman and Geiger, Andreas},
}

@article{WangDynamic,
	title={Dynamic Graph CNN for Learning on Point Clouds},
	author={Wang, Yue and Sun, Yongbin and Liu, Ziwei and Sarma, Sanjay E and Bronstein, Michael M and Solomon, Justin M},
}

@inproceedings{shi2019pointrcnn,
	title={Pointrcnn: 3d object proposal generation
	and
	detection from point cloud},
	author={Shi, Shaoshuai and Wang, Xiaogang and
	Li,
	Hongsheng},
	booktitle={Proceedings of the IEEE Conference
	on
	Computer Vision and Pattern Recognition},
	pages={770--779},
	year={2019}
}

@article{std2019yang,
	author = {Zetong Yang and
	Yanan Sun and
	Shu Liu and
	Xiaoyong Shen and
	Jiaya Jia},
	title = {{STD:} Sparse-to-Dense 3D Object Detector for
	Point Cloud},
	journal = {ICCV},
	year = {2019},
	url = {http://arxiv.org/abs/1907.10471},
	archivePrefix = {arXiv},
	eprint = {1907.10471},
}

@misc{yang3DSSD20,
	Author = {Zetong Yang and Yanan Sun and Shu Liu and
	Jiaya Jia},
	Title = {3DSSD: Point-based 3D Single Stage Object
	Detector},
	Year = {2020},
	booktitle = {CVPR},
}

@article{shi2020part,
	title={From Points to Parts: 3D Object Detection from
	Point Cloud with Part-aware and Part-aggregation
	Network},
	author={Shi, Shaoshuai and Wang, Zhe and Shi, Jianping
	and Wang, Xiaogang and Li, Hongsheng},
	journal={IEEE Transactions on Pattern Analysis and
	Machine Intelligence},
	publisher={IEEE},
	year={2020}
}

@article{lang2018pointpillars,
	title={PointPillars: Fast Encoders for Object Detection from
	Point Clouds},
	author={Lang, Alex H and Vora, Sourabh and Caesar,
	Holger and Zhou, Lubing and Yang, Jiong and Beijbom,
	Oscar},
	journal={CVPR},
	year={2019}
}

@article{Graham3D,
	title={3D Semantic Segmentation with Submanifold Sparse Convolutional Networks},
	author={Graham, Benjamin and Engelcke, Martin and Laurens, Van Der Maaten,},
}

@ARTICLE{8403277,
	author={Y. Zeng and Y. Hu and S. Liu and J. Ye
	and Y. Han and X. Li and N. Sun},
	journal={IEEE Robotics and Automation Letters},
	title={RT3D: Real-Time 3-D Vehicle Detection in
	LiDAR Point Cloud for Autonomous Driving},
	year={2018},
	volume={3},
	number={4},
	pages={3434-3440},
	doi={10.1109/LRA.2018.2852843},
	ISSN={2377-3766},
	month={Oct},
}

@inproceedings{Wang2015Understanding,
	title={Understanding and Diagnosing Visual Tracking Systems},
	author={Wang, Naiyan and Shi, Jianping and Yeung, Dit Yan and Jia, Jiaya},
	booktitle={2015 IEEE International Conference on Computer Vision (ICCV)},
	year={2015},
}

@article{XuPointFusion,
	title={PointFusion: Deep Sensor Fusion for 3D Bounding Box Estimation},
	author={Xu, Danfei and Anguelov, Dragomir and Jain, Ashesh},
}

@book{Ming2018Deep,
	title={Deep Continuous Fusion for Multi-sensor 3D Object Detection: 15th European Conference, Munich, Germany, September 8-14, 2018, Proceedings, Part XVI},
	author={Ming Liang and Bin Yang and Shenlong Wang and Raquel Urtasun},
	year={2018},
}

@inproceedings{ma2019accurate,
	title={Accurate Monocular Object Detection via Color-Embedded 3D Reconstruction for Autonomous Driving},
	author={X. Ma and Z. Wang and H. Li and P. Zhang and W.Ouyang and X. Fan},
	booktitle={Proceedings of the IEEE international
	Conference on Computer Vision (ICCV)},
	year={2019}
}

@inproceedings{Yamaguchi2014Efficient,
	title={Efficient Joint Segmentation , Occlusion Labeling , Stereo and Flow Estimation},
	author={Yamaguchi, Koichiro and Mcallester, David and Urtasun, Raquel},
	booktitle={Eccv},
	year={2014},
}

@article{structSVM,
	author = {Tsochantaridis, Ioannis and Hofmann, Thomas and Joachims, Thorsten and Altun, Yasemin},
	year = {2004},
	month = {07},
	pages = {},
	title = {Support Vector Machine Learning for Interdependent and Structured Output Spaces},
	journal = {Machine Learning},
	doi = {10.1145/1015330.1015341}
}

@inproceedings{redmon2016you,
	title={You only look once: Unified, real-time object detection},
	author={Redmon, Joseph and Divvala, Santosh and Girshick, Ross and Farhadi, Ali},
	booktitle={Proceedings of the IEEE conference on computer vision and pattern recognition},
	pages={779--788},
	year={2016}
}

@INPROCEEDINGS{8100173, 
	author={J. {Redmon} and A. {Farhadi}}, 
	booktitle={2017 IEEE Conference on Computer Vision and Pattern Recognition (CVPR)}, 
	title={YOLO9000: Better, Faster, Stronger}, 
	year={2017}, 
	volume={}, 
	number={}, 
	pages={6517-6525},
}

@article{RedmonYOLOv3,
	title={YOLOv3: An Incremental Improvement},
	author={Redmon, Joseph and Farhadi, Ali},
}

@inproceedings{DRON,
	author = {Fu, Huan and Gong, Mingming and Wang, Chaohui and Batmanghelich, Kayhan and Tao, Dacheng},
	year = {2018},
	month = {06},
	pages = {2002-2011},
	title = {Deep Ordinal Regression Network for Monocular Depth Estimation},
	volume = {2018},
	journal = {Proceedings. IEEE Computer Society Conference on Computer Vision and Pattern Recognition},
	doi = {10.1109/CVPR.2018.00214}
}

@inproceedings{bolme2010visual,
	title={Visual object tracking using adaptive correlation filters},
	author={Bolme, David S and Beveridge, J Ross and Draper, Bruce A and Lui, Yui Man},
	booktitle={2010 IEEE computer society conference on computer vision and pattern recognition},
	pages={2544--2550},
	year={2010},
	organization={IEEE}
}

@article{henriques2014high,
	title={High-speed tracking with kernelized correlation filters},
	author={Henriques, Jo{\~a}o F and Caseiro, Rui and Martins, Pedro and Batista, Jorge},
	journal={IEEE transactions on pattern analysis and machine intelligence},
	volume={37},
	number={3},
	pages={583--596},
	year={2014},
	publisher={IEEE}
}

@inproceedings{danelljan2017eco,
	title={Eco: Efficient convolution operators for tracking},
	author={Danelljan, Martin and Bhat, Goutam and Shahbaz Khan, Fahad and Felsberg, Michael},
	booktitle={Proceedings of the IEEE conference on computer vision and pattern recognition},
	pages={6638--6646},
	year={2017}
}

@inproceedings{bochinski2017high,
	title={High-speed tracking-by-detection without using image information},
	author={Bochinski, Erik and Eiselein, Volker and Sikora, Thomas},
	booktitle={2017 14th IEEE International Conference on Advanced Video and Signal Based Surveillance (AVSS)},
	pages={1--6},
	year={2017},
	organization={IEEE}
}

@article{bernardin2008evaluating,
	title={Evaluating multiple object tracking performance: the CLEAR MOT metrics},
	author={Bernardin, Keni and Stiefelhagen, Rainer},
	journal={EURASIP Journal on Image and Video Processing},
	volume={2008},
	pages={1--10},
	year={2008},
	publisher={Springer}
}

@inproceedings{zhu2018distractor,
	title={Distractor-aware siamese networks for visual object tracking},
	author={Zhu, Zheng and Wang, Qiang and Li, Bo and Wu, Wei and Yan, Junjie and Hu, Weiming},
	booktitle={Proceedings of the European Conference on Computer Vision (ECCV)},
	pages={101--117},
	year={2018}
}

@inproceedings{li2018high,
	title={High performance visual tracking with siamese region proposal network},
	author={Li, Bo and Yan, Junjie and Wu, Wei and Zhu, Zheng and Hu, Xiaolin},
	booktitle={Proceedings of the IEEE Conference on Computer Vision and Pattern Recognition},
	pages={8971--8980},
	year={2018}
}

@inproceedings{bertinetto2016fully,
	title={Fully-convolutional siamese networks for object tracking},
	author={Bertinetto, Luca and Valmadre, Jack and Henriques, Joao F and Vedaldi, Andrea and Torr, Philip HS},
	booktitle={European conference on computer vision},
	pages={850--865},
	year={2016},
	organization={Springer}
}

@inproceedings{danelljan2016beyond,
	title={Beyond correlation filters: Learning continuous convolution operators for visual tracking},
	author={Danelljan, Martin and Robinson, Andreas and Khan, Fahad Shahbaz and Felsberg, Michael},
	booktitle={European conference on computer vision},
	pages={472--488},
	year={2016},
	organization={Springer}
}

@inproceedings{danelljan2014accurate,
	title={Accurate scale estimation for robust visual tracking},
	author={Danelljan, Martin and H{\"a}ger, Gustav and Khan, Fahad and Felsberg, Michael},
	booktitle={British Machine Vision Conference, Nottingham, September 1-5, 2014},
	year={2014},
	organization={BMVA Press}
}

@inproceedings{liu2016ssd,
	title={Ssd: Single shot multibox detector},
	author={Liu, Wei and Anguelov, Dragomir and Erhan, Dumitru and Szegedy, Christian and Reed, Scott and Fu, Cheng-Yang and Berg, Alexander C},
	booktitle={European conference on computer vision},
	pages={21--37},
	year={2016},
	organization={Springer}
}

@INPROCEEDINGS{7298594,  
	author={C. {Szegedy} and  {Wei Liu} and  {Yangqing Jia} and P. {Sermanet} and S. {Reed} and D. {Anguelov} and D. {Erhan} and V. {Vanhoucke} and A. {Rabinovich}},  booktitle={2015 IEEE Conference on Computer Vision and Pattern Recognition (CVPR)},  title={Going deeper with convolutions},   
	year={2015},  
	volume={},  
	number={},  
	pages={1-9},
}

@INPROCEEDINGS{7780677,  
	author={C. {Szegedy} and V. {Vanhoucke} and S. {Ioffe} and J. {Shlens} and Z. {Wojna}},  booktitle={2016 IEEE Conference on Computer Vision and Pattern Recognition (CVPR)},  title={Rethinking the Inception Architecture for Computer Vision},   
	year={2016},  
	volume={}, 
	 number={},  
	 pages={2818-2826},
 }

@inproceedings{bewley2016simple,
	title={Simple online and realtime tracking},
	author={Bewley, Alex and Ge, Zongyuan and Ott, Lionel and Ramos, Fabio and Upcroft, Ben},
	booktitle={2016 IEEE International Conference on Image Processing (ICIP)},
	pages={3464--3468},
	year={2016},
	organization={IEEE}
}

@inproceedings{wojke2017simple,
	title={Simple online and realtime tracking with a deep association metric},
	author={Wojke, Nicolai and Bewley, Alex and Paulus, Dietrich},
	booktitle={2017 IEEE international conference on image processing (ICIP)},
	pages={3645--3649},
	year={2017},
	organization={IEEE}
}

@inproceedings{ku2018joint,
	title={Joint 3d proposal generation and object detection from view aggregation},
	author={Ku, Jason and Mozifian, Melissa and Lee, Jungwook and Harakeh, Ali and Waslander, Steven L},
	booktitle={2018 IEEE/RSJ International Conference on Intelligent Robots and Systems (IROS)},
	pages={1--8},
	year={2018},
	organization={IEEE}
}

@inproceedings{shi2019pointrcnn,
	title={Pointrcnn: 3d object proposal generation and detection from point cloud},
	author={Shi, Shaoshuai and Wang, Xiaogang and Li, Hongsheng},
	booktitle={Proceedings of the IEEE Conference on Computer Vision and Pattern Recognition},
	pages={770--779},
	year={2019}
}

@inproceedings{feichtenhofer2017detect,
	title={Detect to track and track to detect},
	author={Feichtenhofer, Christoph and Pinz, Axel and Zisserman, Andrew},
	booktitle={Proceedings of the IEEE International Conference on Computer Vision},
	pages={3038--3046},
	year={2017}
}

@inproceedings{bochinski2017high,
	title={High-speed tracking-by-detection without using image information},
	author={Bochinski, Erik and Eiselein, Volker and Sikora, Thomas},
	booktitle={2017 14th IEEE International Conference on Advanced Video and Signal Based Surveillance (AVSS)},
	pages={1--6},
	year={2017},
	organization={IEEE}
}

@inproceedings{krizhevsky2012imagenet,
	title={Imagenet classification with deep convolutional neural networks},
	author={Krizhevsky, Alex and Sutskever, Ilya and Hinton, Geoffrey E},
	booktitle={Advances in neural information processing systems},
	pages={1097--1105},
	year={2012}
}

@article{simonyan2014very,
	title={Very deep convolutional networks for large-scale image recognition},
	author={Simonyan, Karen and Zisserman, Andrew},
	journal={arXiv preprint arXiv:1409.1556},
	year={2014}
}

@inproceedings{he2016deep,
	title={Deep residual learning for image recognition},
	author={He, Kaiming and Zhang, Xiangyu and Ren, Shaoqing and Sun, Jian},
	booktitle={Proceedings of the IEEE conference on computer vision and pattern recognition},
	pages={770--778},
	year={2016}
}

@inproceedings{dai2016r,
	title={R-fcn: Object detection via region-based fully convolutional networks},
	author={Dai, Jifeng and Li, Yi and He, Kaiming and Sun, Jian},
	booktitle={Advances in neural information processing systems},
	pages={379--387},
	year={2016}
}

@article{UijlingsSelective,
	title={Selective Search for Object Recognition},
	author={Uijlings, J. R. R. and Sande…, K. E. A. Van De},
	journal={International Journal of Computer Vision},
	volume={104},
	number={2},
	pages={154-171},
}

@INPROCEEDINGS{6909475,  
	author={R. {Girshick} and J. {Donahue} and T. {Darrell} and J. {Malik}},  booktitle={2014 IEEE Conference on Computer Vision and Pattern Recognition},  title={Rich Feature Hierarchies for Accurate Object Detection and Semantic Segmentation},   
	year={2014},  
	volume={},  
	number={},  
	pages={580-587},
}

@ARTICLE{7005506, 
	author={K. {He} and X. {Zhang} and S. {Ren} and J. {Sun}}, 
	journal={IEEE Transactions on Pattern Analysis and Machine Intelligence}, title={Spatial Pyramid Pooling in Deep Convolutional Networks for Visual Recognition}, year={2015}, 
	volume={37}, 
	number={9}, 
	pages={1904-1916},
}

@inproceedings{Zitnick2014Edge,
	title={Edge Boxes : Locating Object Proposals from Edges},
	author={Zitnick, Charles Lawrence and Dollar, Piotr},
	booktitle={ECCV},
	year={2014},
}

@inproceedings{girshick2015fast,
	title={Fast r-cnn},
	author={Girshick, Ross},
	booktitle={Proceedings of the IEEE international conference on computer vision},
	pages={1440--1448},
	year={2015}
}

@inproceedings{ren2015faster,
	title={Faster r-cnn: Towards real-time object detection with region proposal networks},
	author={Ren, Shaoqing and He, Kaiming and Girshick, Ross and Sun, Jian},
	booktitle={Advances in neural information processing systems},
	pages={91--99},
	year={2015}
}

@inproceedings{licvpr2019,
	title={Stereo R-CNN based 3D Object Detection for Autonomous Driving},
	author={Li, Peiliang and Chen, Xiaozhi and Shen, Shaojie},
	booktitle={CVPR},
	year={2019}
}

@InProceedings{Wang_2019_CVPR,
	author = {Wang, Yan and Chao, Wei-Lun and Garg, Divyansh
	and Hariharan, Bharath and Campbell, Mark and
	Weinberger, Kilian Q.},
	title = {Pseudo-LiDAR From Visual Depth Estimation:
	Bridging the Gap in 3D Object Detection for Autonomous
	Driving},
	booktitle = {The IEEE Conference on Computer Vision and
	Pattern Recognition (CVPR)},
	month = {June},
	year = {2019}
}

@inproceedings{you2020pseudolidar,
	title={Pseudo-LiDAR++: Accurate Depth for 3D
	Object Detection in Autonomous Driving},
	author={Yurong You and Yan Wang and Wei-Lun
	Chao and Divyansh Garg and Geoff Pleiss and
	Bharath Hariharan and Mark Campbell and Kilian Q.
	Weinberger},
	booktitle={International Conference on Learning
	Representations},
	year={2020},
	url={https://openreview.net/forum?id=BJedHRVtPB}
}

@article{chang2018pyramid,
	title={Pyramid Stereo Matching Network},
	author={Chang, Jia-Ren and Chen, Yong-Sheng},
	journal={arXiv preprint arXiv:1803.08669},
	year={2018}
}

@inproceedings{bertinetto2016fully,
	title={Fully-convolutional siamese networks for object tracking},
	author={Bertinetto, Luca and Valmadre, Jack and Henriques, Joao F and Vedaldi, Andrea and Torr, Philip HS},
	booktitle={European conference on computer vision},
	pages={850--865},
	year={2016},
	organization={Springer}
}

@inproceedings{zhu2017deep,
	title={Deep feature flow for video recognition},
	author={Zhu, Xizhou and Xiong, Yuwen and Dai, Jifeng and Yuan, Lu and Wei, Yichen},
	booktitle={Proceedings of the IEEE Conference on Computer Vision and Pattern Recognition},
	pages={2349--2358},
	year={2017}
}

@inproceedings{zhu2017flow,
	title={Flow-guided feature aggregation for video object detection},
	author={Zhu, Xizhou and Wang, Yujie and Dai, Jifeng and Yuan, Lu and Wei, Yichen},
	booktitle={Proceedings of the IEEE International Conference on Computer Vision},
	pages={408--417},
	year={2017}
}

@inproceedings{zhu2018towards,
	title={Towards high performance video object detection},
	author={Zhu, Xizhou and Dai, Jifeng and Yuan, Lu and Wei, Yichen},
	booktitle={Proceedings of the IEEE Conference on Computer Vision and Pattern Recognition},
	pages={7210--7218},
	year={2018}
}

@article{liu2018learning,
	title={Learning Scene Flow in 3D Point Clouds},
	author={Liu, Xingyu and Qi, Charles R and Guibas, Leonidas J},
	journal={arXiv preprint arXiv:1806.01411},
	year={2018}
}

@article{behl2018pointflownet,
	title={PointFlowNet: Learning Representations for 3D Scene Flow Estimation from Point Clouds},
	author={Behl, Aseem and Paschalidou, Despoina and Donn{\'e}, Simon and Geiger, Andreas},
	journal={arXiv preprint arXiv:1806.02170},
	year={2018}
}

@inproceedings{feichtenhofer2017detect,
	title={Detect to track and track to detect},
	author={Feichtenhofer, Christoph and Pinz, Axel and Zisserman, Andrew},
	booktitle={Proceedings of the IEEE International Conference on Computer Vision},
	pages={3038--3046},
	year={2017}
}

@INPROCEEDINGS{7780605, 
	author={X. {Chen} and K. {Kundu} and Z. {Zhang} and H. {Ma} and S. {Fidler} and R. {Urtasun}}, 
	booktitle={2016 IEEE Conference on Computer Vision and Pattern Recognition (CVPR)}, 
	title={Monocular 3D Object Detection for Autonomous Driving}, 
	year={2016}, 
	volume={}, 
	number={}, 
	pages={2147-2156}, 
	keywords={image segmentation;neural nets;object detection;road traffic;traffic engineering computing;monocular 3D object detection;autonomous driving domain;single monocular image;class-specific object proposals;CNN pipeline;convolutional neural network;energy minimization approach;image plane;semantic segmentation;contextual information;object proposal generation approach;Three-dimensional displays;Proposals;Semantics;Object detection;Shape;Image segmentation;Automobiles}, 
	doi={10.1109/CVPR.2016.236}, 
	ISSN={1063-6919}, 
	month={June},}

@article{chen20183d,
	title={3d object proposals using stereo imagery for accurate object class detection},
	author={Chen, Xiaozhi and Kundu, Kaustav and Zhu, Yukun and Ma, Huimin and Fidler, Sanja and Urtasun, Raquel},
	journal={IEEE transactions on pattern analysis and machine intelligence},
	volume={40},
	number={5},
	pages={1259--1272},
	year={2018},
	publisher={IEEE}
}

@inproceedings{li20173d,
	title={3d fully convolutional network for vehicle detection in point cloud},
	author={Li, Bo},
	booktitle={2017 IEEE/RSJ International Conference on Intelligent Robots and Systems (IROS)},
	pages={1513--1518},
	year={2017},
	organization={IEEE}
}

@InProceedings{Simon_2019_CVPR_Workshops,
	author = {Simon, Martin and Amende, Karl and Kraus, Andrea and Honer, Jens and Samann, Timo and Kaulbersch, Hauke and Milz, Stefan and Michael Gross, Horst},
	title = {Complexer-YOLO: Real-Time 3D Object Detection and Tracking on Semantic Point Clouds},
	booktitle = {The IEEE Conference on Computer Vision and Pattern Recognition (CVPR) Workshops},
	month = {June},
	year = {2019}
}

@inproceedings{engelcke2017vote3deep,
	title={Vote3deep: Fast object detection in 3d point clouds using efficient convolutional neural networks},
	author={Engelcke, Martin and Rao, Dushyant and Wang, Dominic Zeng and Tong, Chi Hay and Posner, Ingmar},
	booktitle={2017 IEEE International Conference on Robotics and Automation (ICRA)},
	pages={1355--1361},
	year={2017},
	organization={IEEE}
}

@inproceedings{zhou2018voxelnet,
	title={Voxelnet: End-to-end learning for point cloud based 3d object detection},
	author={Zhou, Yin and Tuzel, Oncel},
	booktitle={Proceedings of the IEEE Conference on Computer Vision and Pattern Recognition},
	pages={4490--4499},
	year={2018}
}

@inproceedings{yang2018pixor,
	title={Pixor: Real-time 3d object detection from point clouds},
	author={Yang, Bin and Luo, Wenjie and Urtasun, Raquel},
	booktitle={Proceedings of the IEEE Conference on Computer Vision and Pattern Recognition},
	pages={7652--7660},
	year={2018}
}

@inproceedings{luo2018fast,
	title={Fast and furious: Real time end-to-end 3d detection, tracking and motion forecasting with a single convolutional net},
	author={Luo, Wenjie and Yang, Bin and Urtasun, Raquel},
	booktitle={Proceedings of the IEEE Conference on Computer Vision and Pattern Recognition},
	pages={3569--3577},
	year={2018}
}

@inproceedings{simon2018complex,
	title={Complex-YOLO: An Euler-Region-Proposal for Real-Time 3D Object Detection on Point Clouds},
	author={Simon, Martin and Milz, Stefan and Amende, Karl and Gross, Horst-Michael},
	booktitle={European Conference on Computer Vision},
	pages={197--209},
	year={2018},
	organization={Springer}
}

@inproceedings{qi2018frustum,
	title={Frustum pointnets for 3d object detection from rgb-d data},
	author={Qi, Charles R and Liu, Wei and Wu, Chenxia and Su, Hao and Guibas, Leonidas J},
	booktitle={Proceedings of the IEEE Conference on Computer Vision and Pattern Recognition},
	pages={918--927},
	year={2018}
}

@inproceedings{chen2017multi,
	title={Multi-view 3d object detection network for autonomous driving},
	author={Chen, Xiaozhi and Ma, Huimin and Wan, Ji and Li, Bo and Xia, Tian},
	booktitle={Proceedings of the IEEE Conference on Computer Vision and Pattern Recognition},
	pages={1907--1915},
	year={2017}
}

@article{wang2017fusing,
	title={Fusing bird view lidar point cloud and front view camera image for deep object detection},
	author={Wang, Zining and Zhan, Wei and Tomizuka, Masayoshi},
	journal={arXiv preprint arXiv:1711.06703},
	year={2017}
}

@inproceedings{ku2018joint,
	title={Joint 3d proposal generation and object detection from view aggregation},
	author={Ku, Jason and Mozifian, Melissa and Lee, Jungwook and Harakeh, Ali and Waslander, Steven L},
	booktitle={2018 IEEE/RSJ International Conference on Intelligent Robots and Systems (IROS)},
	pages={1--8},
	year={2018},
	organization={IEEE}
}

@inproceedings{zhu2017flow,
	title={Flow-guided feature aggregation for video object detection},
	author={Zhu, Xizhou and Wang, Yujie and Dai, Jifeng and Yuan, Lu and Wei, Yichen},
	booktitle={Proceedings of the IEEE International Conference on Computer Vision},
	pages={408--417},
	year={2017}
}

@inproceedings{zhu2018towards,
	title={Towards high performance video object detection},
	author={Zhu, Xizhou and Dai, Jifeng and Yuan, Lu and Wei, Yichen},
	booktitle={Proceedings of the IEEE Conference on Computer Vision and Pattern Recognition},
	pages={7210--7218},
	year={2018}
}

@inproceedings{feichtenhofer2017detect,
	title={Detect to track and track to detect},
	author={Feichtenhofer, Christoph and Pinz, Axel and Zisserman, Andrew},
	booktitle={Proceedings of the IEEE International Conference on Computer Vision},
	pages={3038--3046},
	year={2017}
}

@inproceedings{frossard2018end,
	title={End-to-end Learning of Multi-sensor 3D Tracking by Detection},
	author={Frossard, Davi and Urtasun, Raquel},
	booktitle={2018 IEEE International Conference on Robotics and Automation (ICRA)},
	pages={635--642},
	year={2018},
	organization={IEEE}
}

@article{bochinski2018extending,
	title={Extending IOU based multi-object tracking by visual information},
	author={Bochinski, Erik and Senst, Tobias and Sikora, Thomas},
	journal={AVSS. IEEE},
	year={2018}
}

@article{geiger2013vision,
	title={Vision meets robotics: The KITTI dataset},
	author={Geiger, Andreas and Lenz, Philip and Stiller, Christoph and Urtasun, Raquel},
	journal={The International Journal of Robotics Research},
	volume={32},
	number={11},
	pages={1231--1237},
	year={2013},
	publisher={Sage Publications Sage UK: London, England}
}

@article{simonyan2014very,
	title={Very deep convolutional networks for large-scale image recognition},
	author={Simonyan, Karen and Zisserman, Andrew},
	journal={arXiv preprint arXiv:1409.1556},
	year={2014}
}

@inproceedings{dosovitskiy2015flownet,
	title={Flownet: Learning optical flow with convolutional networks},
	author={Dosovitskiy, Alexey and Fischer, Philipp and Ilg, Eddy and Hausser, Philip and Hazirbas, Caner and Golkov, Vladimir and Van Der Smagt, Patrick and Cremers, Daniel and Brox, Thomas},
	booktitle={Proceedings of the IEEE international conference on computer vision},
	pages={2758--2766},
	year={2015}
}

@inproceedings{girshick2015fast,
	title={Fast r-cnn},
	author={Girshick, Ross},
	booktitle={Proceedings of the IEEE international conference on computer vision},
	pages={1440--1448},
	year={2015}
}

@article{kingma2014adam,
	title={Adam: A method for stochastic optimization},
	author={Kingma, Diederik P and Ba, Jimmy},
	journal={arXiv preprint arXiv:1412.6980},
	year={2014}
}

@article{kang2018t,
	title={T-cnn: Tubelets with convolutional neural networks for object detection from videos},
	author={Kang, Kai and Li, Hongsheng and Yan, Junjie and Zeng, Xingyu and Yang, Bin and Xiao, Tong and Zhang, Cong and Wang, Zhe and Wang, Ruohui and Wang, Xiaogang and others},
	journal={IEEE Transactions on Circuits and Systems for Video Technology},
	volume={28},
	number={10},
	pages={2896--2907},
	year={2018},
	publisher={IEEE}
}

@inproceedings{kang2016object,
	title={Object detection from video tubelets with convolutional neural networks},
	author={Kang, Kai and Ouyang, Wanli and Li, Hongsheng and Wang, Xiaogang},
	booktitle={Proceedings of the IEEE conference on computer vision and pattern recognition},
	pages={817--825},
	year={2016}
}

@article{han2016seq,
	title={Seq-nms for video object detection},
	author={Han, Wei and Khorrami, Pooya and Paine, Tom Le and Ramachandran, Prajit and Babaeizadeh, Mohammad and Shi, Honghui and Li, Jianan and Yan, Shuicheng and Huang, Thomas S},
	journal={arXiv preprint arXiv:1602.08465},
	year={2016}
}

@article{Milan2014PAMI, 
	author = {Milan, A. and Roth, S. and Schindler, K.},	
	title = {Continuous Energy Minimization for Multitarget Tracking}, 
	volume = {36}, 
	issn = {0162-8828}, 
	doi = {10.1109/TPAMI.2013.103}, 
	number = {1}, 
	journal = {IEEE TPAMI}, 
	year = {2014}, 
	pages = {58--72} 
}

@inproceedings{Yoon2015WACV, 
	author = "Ju Hong Yoon and Ming-Hsuan Yang and Jongwoo Lim and Kuk-Jin Yoon", 
	booktitle = "IEEE Winter Conference on Applications of Computer Vision (WACV)", 
	title = "Bayesian Multi-Object Tracking Using Motion Context from Multiple Objects", 
	year = "2015" 
}

@ARTICLE{Geiger2014PAMI,
	author = {Andreas Geiger and Martin Lauer and Christian Wojek and Christoph Stiller and Raquel Urtasun},
	title = {3D Traffic Scene Understanding from Movable Platforms},
	journal = {Pattern Analysis and Machine Intelligence (PAMI)},
	year = {2014}
}

@INPROCEEDINGS{Lenz2015ICCV,
	author = {Philip Lenz and Andreas Geiger and 
	Raquel Urtasun},
	title = {FollowMe: Efficient Online Min-Cost Flow 
	Tracking with Bounded Memory and Computation},
	booktitle = {International Conference on Computer 
	Vision (ICCV)},
	year = {2015}
}

@inproceedings{ 
	Yoon2016CVPR, 
	author = "Ju Hong Yoon and Chang-Ryeol Lee and 
	Ming-Hsuan Yang and 
	Kuk-Jin Yoon", 
	booktitle = "IEEE International Conference on 
	Computer Vision and Pattern Recognition (CVPR)", 
	title = "Online Multi-object Tracking via 
	Structural Constraint Event Aggregation", 
	year = "2016" 
}

@article{Choi2015ICCV, 
	author = {Choi, Wongun}, 
	title = {Near-Online Multi-target Tracking with 
	Aggregated Local Flow Descriptor 
	}, 
	journal= {ICCV}, 
	year={2015}, 
}


@inproceedings{Gaidon2015BMVC, 
	author = {Gaidon, A. and Vig, E.}, 
	booktitle={British Machine Vision Conference (BMVC)}, 
	title = {{Online Domain Adaptation for Multi-Object Tracking}}, 
	year = {2015} 
}

@article{Wang2016IJCV, 
	author = {S. Wang and C. Fowlkes},	
	title = {Learning Optimal Parameters for Multi-target Tracking with Contextual Interactions}, 
	issn = {1573-1405}, 
	doi = {10.1007/s11263-016-0960-z}, 
	journal = {International Journal of Computer Vision}, 
	year = {2016} 
}


@inproceedings{Milan2013CVPR, 
	Author = {Anton Milan and Konrad Schindler 
	and Stefan Roth}, 
	Booktitle = {CVPR}, 
	Title = {Detection- and Trajectory-Level 
	Exclusion in Multiple Object Tracking}, 
	Year = {2013} 
}

@inproceedings{xiang2017subcategory, 
	author = {Xiang, Yu and Choi, Wongun and Lin, Yuanqing 
	and Savarese, Silvio}, 
	title = {Subcategory-aware Convolutional Neural 
	Networks for Object Proposals and Detection}, 
	booktitle = {IEEE Winter Conference on Applications of 
	Computer Vision (WACV)}, 
	year = {2017} 
}

@article{wang2017learning,
	title={Learning optimal parameters for multi-target tracking with contextual interactions},
	author={Wang, Shaofei and Fowlkes, Charless C},
	journal={International journal of computer vision},
	volume={122},
	number={3},
	pages={484--501},
	year={2017},
	publisher={Springer}
}

@inproceedings{Hu3DT19,
	author = {Hu, Hou-Ning and Cai, Qi-Zhi and Wang, Dequan
	and Lin, Ji and Sun, Min and Krähenbühl, Philipp and
	Darrell, Trevor and Yu, Fisher},
	title = {Joint Monocular 3D Detection and Tracking},
	journal = {ICCV},
	year = {2019}
}

@inproceedings{scheidegger2018mono,
	title={Mono-camera 3d multi-object tracking using deep learning detections and pmbm filtering},
	author={Scheidegger, Samuel and Benjaminsson, Joachim and Rosenberg, Emil and Krishnan, Amrit and Granstr{\"o}m, Karl},
	booktitle={2018 IEEE Intelligent Vehicles Symposium (IV)},
	pages={433--440},
	year={2018},
	organization={IEEE}
}

@inproceedings{lee2016multi,
	title={Multi-class multi-object tracking using changing point detection},
	author={Lee, Byungjae and Erdenee, Enkhbayar and Jin, Songguo and Nam, Mi Young and Jung, Young Giu and Rhee, Phill Kyu},
	booktitle={European Conference on Computer Vision},
	pages={68--83},
	year={2016},
	organization={Springer}
}

@inproceedings{choi2015near,
	title={Near-online multi-target tracking with aggregated local flow descriptor},
	author={Choi, Wongun},
	booktitle={Proceedings of the IEEE international conference on computer vision},
	pages={3029--3037},
	year={2015}
}

@article{chu2019famnet,
	title={FAMNet: Joint Learning of Feature, Affinity and Multi-dimensional Assignment for Online Multiple Object Tracking},
	author={Chu, Peng and Ling, Haibin},
	journal={arXiv preprint arXiv:1904.04989},
	year={2019}
}

@InProceedings{Lang_2019_CVPR,
	author = {Lang, Alex H. and Vora, Sourabh and Caesar, Holger and Zhou, Lubing and Yang, Jiong and Beijbom, Oscar},
	title = {PointPillars: Fast Encoders for Object Detection From Point Clouds},
	booktitle = {The IEEE Conference on Computer Vision and Pattern Recognition (CVPR)},
	month = {June},
	year = {2019}
}

@InProceedings{Lee2016ECCVWORK, 
	Title = {Multi-class Multi-object Tracking Using Changing Point Detection}, 
	Author = {Byungjae Lee and Enkhbayar Erdenee and SongGuo Jin and Mi Young Nam and Young Giu Jung and Phill{-}Kyu Rhee}, 
	Booktitle = ECCVWORK, 
	Year = {2016}, 
	File = {Lee2016ECCVWORK.pdf:Lee2016ECCVWORK.pdf:PDF} 
} 
